<?xml version="1.0" encoding="utf-8"?>
<record xmlns="http://www.loc.gov/MARC21/slim" xmlns:xsi="http://www.w3.org/2001/XMLSchema-instance" xsi:schemaLocation="http://www.loc.gov/MARC21/slim http://www.loc.gov/standards/marcxml/schema/MARC21slim.xsd">
	<leader>     nam a22        4500</leader>
	<controlfield tag="001">3076648</controlfield>
	<controlfield tag="003">NNC</controlfield>
	<controlfield tag="006">m        d        </controlfield>
	<controlfield tag="007">cr cn |||m|||a</controlfield>
	<controlfield tag="008">170815s1950    ua      ob    001 0 ara  </controlfield>
	<datafield ind1=" " ind2=" " tag="040">
		<subfield code="a">NNU</subfield>
		<subfield code="b">eng</subfield>
		<subfield code="e">rda</subfield>
		<subfield code="c">NNU</subfield>
	</datafield>
	<datafield ind1=" " ind2=" " tag="066">
		<subfield code="c">(3</subfield>
	</datafield>
	<datafield ind1="0" ind2="0" tag="050">
		<subfield code="a">BP166</subfield>
		<subfield code="b">.I579 1950</subfield>
	</datafield>
	<datafield ind1="1" ind2=" " tag="100">
		<subfield code="6">880-01</subfield>
		<subfield code="a">Imām al-Ḥaramayn al-Juwaynī, ʻAbd al-Malik ibn ʻAbd Allāh,</subfield>
		<subfield code="d">1028-1085.</subfield>
	</datafield>
	<datafield ind1="1" ind2="0" tag="240">
		<subfield code="6">880-02</subfield>
		<subfield code="a">Irshād ilá qawāṭiʻ al-adillah fī uṣūl al-iʻtiqād</subfield>
	</datafield>
	<datafield ind1="1" ind2="0" tag="245">
		<subfield code="6">880-03</subfield>
		<subfield code="a">Kitab al-Irshād ilá qawāṭiʻ al-adillah fī uṣūl al-iʻtiqād /</subfield>
		<subfield code="c">li-Imām al-Ḥaramayn al-Juwaynī ; ḥaqqaqahu wa-ʻallaqa ʻalayhi wa-qaddama la-hu wa-fahrasahu Muḥammad Yūsuf Mūsá, ʻAlī ʻAbd al-Munʻim ʻAbd al-Ḥamīd.</subfield>
	</datafield>
	<datafield ind1="3" ind2="0" tag="246">
		<subfield code="6">880-04</subfield>
		<subfield code="a">Irshād ilá qawāṭiʻ al-adillah fī uṣūl al-iʻtiqād</subfield>
	</datafield>
	<datafield ind1="1" ind2="5" tag="246">
		<subfield code="6">880-05</subfield>
		<subfield code="a">Kitab al-Irshad</subfield>
	</datafield>
	<datafield ind1=" " ind2=" " tag="260">
		<subfield code="6">880-06</subfield>
		<subfield code="a">Miṣr :</subfield>
		<subfield code="b">Maktabat al-Khānjī,</subfield>
		<subfield code="c">1950.</subfield>
	</datafield>
	<datafield ind1=" " ind2=" " tag="300">
		<subfield code="a">online resource (23, 458 pages)</subfield>
	</datafield>
	<datafield ind1=" " ind2=" " tag="336">
		<subfield code="a">text</subfield>
		<subfield code="2">rdacontent</subfield>
	</datafield>
	<datafield ind1=" " ind2=" " tag="337">
		<subfield code="a">computer</subfield>
		<subfield code="2">rdamedia</subfield>
	</datafield>
	<datafield ind1=" " ind2=" " tag="338">
		<subfield code="a">online resource</subfield>
		<subfield code="2">rdacarrier</subfield>
	</datafield>
	<datafield ind1=" " ind2=" " tag="500">
		<subfield code="a">At head of title: Jamāʻat al-Azhar lil-Nashr wa-al-Taʼlīf.</subfield>
	</datafield>
	<datafield ind1=" " ind2=" " tag="500">
		<subfield code="a">Part of the Arabic Collections Online (ACO) project, contributed by Columbia University Libraries.</subfield>
	</datafield>
	<datafield ind1=" " ind2=" " tag="504">
		<subfield code="a">Includes bibliographical references and index.</subfield>
	</datafield>
	<datafield ind1=" " ind2=" " tag="533">
		<subfield code="a">Electronic reproduction.</subfield>
		<subfield code="b">New York, N.Y. :</subfield>
		<subfield code="c">New York University,</subfield>
		<subfield code="d">2017.</subfield>
		<subfield code="5">NNU</subfield>
	</datafield>
	<datafield ind1=" " ind2="0" tag="650">
		<subfield code="a">Islam</subfield>
		<subfield code="x">Doctrines</subfield>
		<subfield code="v">Early works to 1800.</subfield>
	</datafield>
	<datafield ind1=" " ind2="7" tag="650">
		<subfield code="a">Islam</subfield>
		<subfield code="x">Doctrines.</subfield>
		<subfield code="2">fast</subfield>
		<subfield code="0">(OCoLC)fst00979787</subfield>
	</datafield>
	<datafield ind1=" " ind2="7" tag="655">
		<subfield code="a">Early works.</subfield>
		<subfield code="2">fast</subfield>
		<subfield code="0">(OCoLC)fst01411636</subfield>
	</datafield>
	<datafield ind1="1" ind2=" " tag="700">
		<subfield code="6">880-07</subfield>
		<subfield code="a">Mūsá, Muḥammad Yūsuf.</subfield>
	</datafield>
	<datafield ind1="1" ind2=" " tag="700">
		<subfield code="6">880-08</subfield>
		<subfield code="a">Kabīr, ʻAlī ʻAbd al-Munʻim ʻAbd al-Ḥamīd.</subfield>
	</datafield>
	<datafield ind1="2" ind2=" " tag="710">
		<subfield code="a">Columbia University.</subfield>
		<subfield code="b">Libraries.</subfield>
	</datafield>
	<datafield ind1="0" ind2=" " tag="730">
		<subfield code="a">Arabic Collections Online.</subfield>
	</datafield>
	<datafield ind1="0" ind2="8" tag="776">
		<subfield code="i">Online version:</subfield>
		<subfield code="a">Imām al-Ḥaramayn al-Juwaynī, ʻAbd al-Malik ibn ʻAbd Allāh, 1028-1085.</subfield>
		<subfield code="s">Irshād ilá qawāṭiʻ al-adillah fī uṣūl al-iʻtiqād.</subfield>
		<subfield code="t">Kitab al-Irshād ilá qawāṭiʻ al-adillah fī uṣūl al-iʻtiqād.</subfield>
		<subfield code="d">Miṣr : Maktabat al-Khānjī, 1950</subfield>
		<subfield code="w">(OCoLC)568718368</subfield>
	</datafield>
	<datafield ind1="0" ind2="8" tag="776">
		<subfield code="i">Print version:</subfield>
		<subfield code="a">Imām al-Ḥaramayn al-Juwaynī, ʻAbd al-Malik ibn ʻAbd Allāh, 1028-1085.</subfield>
		<subfield code="t">Kitab al-Irshād ilá qawāṭiʻ al-adillah fī uṣūl al-iʻtiqād</subfield>
		<subfield code="w">(NNC)3076648</subfield>
		<subfield code="w">(DLC)   81960416 </subfield>
		<subfield code="w">(OCoLC)21022241</subfield>
	</datafield>
	<datafield ind1="4" ind2="0" tag="856">
		<subfield code="u">http://hdl.handle.net/2333.1/v6wwq495</subfield>
	</datafield>
	<datafield ind1="1" ind2=" " tag="880">
		<subfield code="6">100-01/(3/r</subfield>
		<subfield code="a">امام الحرمين الجويني، عبد الملك بن عبد الله،,</subfield>
		<subfield code="d">1028-1085.</subfield>
	</datafield>
	<datafield ind1="1" ind2="0" tag="880">
		<subfield code="6">240-02/(3/r</subfield>
		<subfield code="a">أرشاد إلى قواطع الأدلة فى أصول الاعتقاد</subfield>
	</datafield>
	<datafield ind1="1" ind2="0" tag="880">
		<subfield code="6">245-03/(3/r</subfield>
		<subfield code="a">كتاب الأرشاد إلى قواطع الأدلة فى أصول الاعتقاد /</subfield>
		<subfield code="c">لإمام الحرمين الجوينى ؛ حققه وعلق عليه وقدم له وفهرسه محمد يوسف موسى، على عبدالمنعم عبدالحميد.</subfield>
	</datafield>
	<datafield ind1="3" ind2="0" tag="880">
		<subfield code="6">246-04/(3/r</subfield>
		<subfield code="a">أرشاد إلى قواطع الأدلة فى أصول الاعتقاد</subfield>
	</datafield>
	<datafield ind1="1" ind2="5" tag="880">
		<subfield code="6">246-05/(3/r</subfield>
		<subfield code="a">كتاب الأرشاد</subfield>
	</datafield>
	<datafield ind1=" " ind2=" " tag="880">
		<subfield code="6">260-06/(3/r</subfield>
		<subfield code="a">مصر :</subfield>
		<subfield code="b">مكتبة الخانجى،</subfield>
		<subfield code="c">1950.</subfield>
	</datafield>
	<datafield ind1="1" ind2=" " tag="880">
		<subfield code="6">700-07/(3/r</subfield>
		<subfield code="a">موسى، محمد يوسف.</subfield>
	</datafield>
	<datafield ind1="1" ind2=" " tag="880">
		<subfield code="6">700-08/(3/r</subfield>
		<subfield code="a">كبير، علي عبد المنعم عبد الحميد.</subfield>
	</datafield>
	<datafield ind1=" " ind2=" " tag="959">
		<subfield code="a">NNU</subfield>
		<subfield code="b">WEB</subfield>
		<subfield code="c">GENI</subfield>
		<subfield code="t">0</subfield>
		<subfield code="m">Electronic access</subfield>
		<subfield code="s">01</subfield>
	</datafield>
	<datafield ind1=" " ind2=" " tag="999">
		<subfield code="i">NNC_3076648</subfield>
		<subfield code="o">(OCoLC)ocm21022241</subfield>
		<subfield code="s">columbia_aco002532</subfield>
	</datafield>
</record>
